<?xml version="1.0" encoding="UTF-8"?><collection xmlns="http://www.loc.gov/MARC21/slim"><record><leader>00409nam--2200157-i-4500</leader><controlfield tag="001">000020682</controlfield><controlfield tag="002">20161230</controlfield><controlfield tag="005">20161230201033</controlfield><controlfield tag="008">060222s1000------------r-----000-0-eng-d</controlfield><datafield ind1=" " ind2=" " tag="020"><subfield code="a">0-387-97</subfield></datafield><datafield ind1=" " ind2=" " tag="080"><subfield code="a">517.958</subfield></datafield><datafield ind1=" " ind2=" " tag="100"><subfield code="a">Hale, Jack K. And Kocak, Huseyin</subfield></datafield><datafield ind1=" " ind2=" " tag="245"><subfield code="a">Dynamics and bifurcations</subfield></datafield><datafield ind1=" " ind2=" " tag="260"><subfield code="a">Berlin, Springer-verlag, 1991. 558 P</subfield></datafield><datafield ind1=" " ind2=" " tag="490"><subfield code="a">Texts In Applied Mathematics</subfield></datafield><datafield ind1=" " ind2=" " tag="852"><subfield code="a">80587</subfield></datafield></record></collection>